% This file was created with JabRef 2.10.
% Encoding: ISO8859_1


@Article{dahl+etal_taslp12,
  Title                    = {Context-dependent pre-trained deep neural networks for large-vocabulary speech recognition},
  Author                   = {Dahl, George E and Yu, Dong and Deng, Li and Acero, Alex},
  Journal                  = {IEEE Trans. Audio, Speech, Language Process.},
  Year                     = {2012},
  Number                   = {1},
  Pages                    = {30--42},
  Volume                   = {20},

  Owner                    = {kamperh},
  Quality                  = {1},
  Timestamp                = {2014.09.15}
}

@Article{hinton+etal_spm2012,
  Title                    = {Deep neural networks for acoustic modeling in speech recognition: The shared views of four research groups},
  Author                   = {Hinton, Geoffrey and Deng, Li and Yu, Dong and Dahl, George E and Mohamed, Abdel-Rahman and Jaitly, Navdeep and Senior, Andrew and Vanhoucke, Vincent and Nguyen, Patrick and Sainath, Tara N and Kingsbury, B},
  Journal                  = {{IEEE} Signal Process. Mag.},
  Year                     = {2012},
  Number                   = {6},
  Pages                    = {82--97},
  Volume                   = {29},

  Owner                    = {kamperh},
  Quality                  = {1},
  Timestamp                = {2014.09.15}
}

@article{humidity_moisture_study,
author = {Leuschner, Christoph and Lendzion, Jasmin},
title = {Air humidity, soil moisture and soil chemistry as determinants of the herb layer composition in European beech forests},
journal = {Journal of Vegetation Science},
volume = {20},
number = {2},
pages = {288-298},
keywords = {Hordelymo-Fagetum, CCA, vpd, pH, Herb cover, Woodland herbs},
doi = {https://doi.org/10.1111/j.1654-1103.2009.05641.x},
url = {https://onlinelibrary.wiley.com/doi/abs/10.1111/j.1654-1103.2009.05641.x},
eprint = {https://onlinelibrary.wiley.com/doi/pdf/10.1111/j.1654-1103.2009.05641.x},
year = {2009}
}

@article{root_shoot_study,
 ISSN = {00129658, 19399170},
 URL = {http://www.jstor.org/stable/1933983},
 author = {Gwendolyn J. Struik and J. R. Bray},
 journal = {Ecology},
 number = {5},
 pages = {892--893},
 publisher = {Ecological Society of America},
 title = {Root-Shoot Ratios on Native Forest Herbs and Zea Mays at Different Soil-Moisture Levels},
 urldate = {2024-02-14},
 volume = {51},
 year = {1970}
}

@article{covid_stress_study,
title = {Gardening can relieve human stress and boost nature connection during the COVID-19 pandemic},
journal = {Urban Forestry \& Urban Greening},
volume = {68},
pages = {127483},
year = {2022},
issn = {1618-8667},
doi = {https://doi.org/10.1016/j.ufug.2022.127483},
url = {https://www.sciencedirect.com/science/article/pii/S1618866722000267},
author = {Monika Egerer and Brenda Lin and Jonathan Kingsley and Pauline Marsh and Lucy Diekmann and Alessandro Ossola},
keywords = {Public health, Urban agriculture, Food systems, Urban greening, Landscape planning},
}

@article{mental_resiliance_study,
title = {The impact of gardening on mental resilience in times of stress: A case study during the COVID-19 pandemic in Singapore},
journal = {Urban Forestry \& Urban Greening},
volume = {68},
pages = {127448},
year = {2022},
issn = {1618-8667},
doi = {https://doi.org/10.1016/j.ufug.2021.127448},
url = {https://www.sciencedirect.com/science/article/pii/S1618866721004751},
author = {Angelia Sia and Puay Yok Tan and John Chee Meng Wong and Sophianne Araib and Wee Foong Ang and Kenneth Boon Hwee Er},
keywords = {Gardening, Mental resilience, Pandemic, Resilience factors, Well-being},
}

@Article{seniors_psych_study,
AUTHOR = {Park, Sin-Ae and Lee, A-Young and Park, Hee-Geun and Lee, Wang-Lok},
TITLE = {Benefits of Gardening Activities for Cognitive Function According to Measurement of Brain Nerve Growth Factor Levels},
JOURNAL = {International Journal of Environmental Research and Public Health},
VOLUME = {16},
YEAR = {2019},
NUMBER = {5},
ARTICLE-NUMBER = {760},
URL = {https://www.mdpi.com/1660-4601/16/5/760},
PubMedID = {30832372},
ISSN = {1660-4601},
DOI = {10.3390/ijerph16050760}
}

@article{seniors_garden_study, 
title={Exploring the health and wellbeing benefits of gardening for older adults}, 
volume={35}, 
DOI={10.1017/S0144686X14000865}, 
number={10}, 
journal={Ageing and Society}, 
author={SCOTT, THERESA L. and MASSER, BARBARA M. and PACHANA, NANCY A.}, 
year={2015}, 
pages={2176â€“2200}
} 

@misc{moisture_sensor_img,
author = {Joshua Hrisko},
title = {Capacitive Soil Moisture Sensor Calibration with Arduino},
url = {https://makersportal.com/blog/2020/5/26/capacitive-soil-moisture-calibration-with-arduino},
year = {2020},
month = {June}
}

@misc{UV_sensor,
author = {{Renkeer}},
title = {Know More About The UV Sensor},
url = {https://www.renkeer.com/what-is-uv-sensor/},
year = {2021},
month = {June}
}

@misc{Moisture_sensor_datasheet,
author = {{Micro Robotics}},
title = {Capacitive Soil Moisture Sensor V1.2},
url = {https://www.robotics.org.za/CAP-SW-12?search=moisture%20sensor}
}

@misc{Moisture_sensor_current,
author = {{DFRobot}},
title = {SKU:SEN0193},
url = {https://wiki.dfrobot.com/Capacitive_Soil_Moisture_Sensor_SKU_SEN0193}
}

@misc{UV_sensor_datasheet,
author = {{Micro Robotics}},
title = {Wave UV Sensor Module - GUVA-S12D, Analog Out},
url = {https://www.robotics.org.za/W9537}
}

@Manual{esp_datasheet,
  title        = {ESP32-C6 Series Datasheet},
  year         = {2023},
  version      = {1},
  organization = {Espressif Systems},
  url          = {https://www.espressif.com/sites/default/files/documentation/esp32-c6_datasheet_en.pdf}
}

@Manual{esp_tech_ref,
  title        = {ESP32-C6 Technical Reference Manual},
  year         = {2023},
  version      = {3},
  organization = {Espressif Systems},
  url          = {https://www.espressif.com/sites/default/files/documentation/esp32-c6_technical_reference_manual_en.pdf}
}

@misc{esp_github,
  title = {Espressif IoT Development Framework},
  year = {2024},
  publisher = {GitHub},
  journal = {GitHub repository},
  url     = {https://github.com/espressif/esp-idf/blob/5f42493/components/hal/include/hal/adc_types.h}
}

@misc{esp_arduino_github,
  title = {Arduino core for the ESP32},
  year = {2023},
  publisher = {GitHub},
  journal = {GitHub repository},
  url     = {https://github.com/espressif/arduino-esp32/blob/master/cores/esp32/esp32-hal-adc.h}
}

@misc{pump_datasheet,
  title        = {Gravity: Digital Peristaltic Pump},
  organization = {DFRobot},
  url          = {https://www.dfrobot.com/product-1698.html}
}


@misc{battery_10_diff,
author = {{Skill-Lync}},
title = {Top 10 Differences between Lead-Acid Batteries and Lithium-Ion Batteries},
url = {https://skill-lync.com/blogs/top-10-differences-between-lead-acid-batteries-and-lithium-ion-batteries},
year = {2022},
month = {July}
}

@misc{battery_guide,
author = {{Power Sonic Corporation}},
title = {The complete guide to lithium vs lead-acid batteries},
url = {https://www.power-sonic.com/blog/lithium-vs-lead-acid-batteries/}
}

@misc{battery_faq,
author = {{Waveshare}},
title = {Li-polymer Battery HAT},
url = {https://www.waveshare.com/wiki/Li-polymer_Battery_HAT}
}

@Manual{battery_datasheet,
  title        = {Total Solution Include PDfor BidirectionalFast Charge Power Bank},
  note      = {Mode: iSW_Release_DS008_v1.0},
  organization = {ZHUHAI ISMARTWARE TECHNOLOGYCO., LTD},
  url          = {https://files.waveshare.com/upload/e/ed/SW6106_Datasheet_Release_DS008_v1.0.pdf}
}

@Manual{TIP31C_datasheet,
  title        = {TIP31C},
  year         = {2006},
  note      = {REV 1},
  organization = {STMicroelectronics},
  url          = {https://www.st.com/content/ccc/resource/technical/document/datasheet/a2/01/d8/6b/ba/9d/49/86/CD00104632.pdf/files/CD00104632.pdf/jcr:content/translations/en.CD00104632.pdf}
}

@Manual{2N2222A_datasheet,
  title        = {2N2222A},
  year         = {2013},
  note      = {REV 2},
  organization = {Semiconductor Components Industries},
  url          = {https://web.mit.edu/6.101/www/reference/2N2222A.pdf}
}

@misc{attenuation_formula,
author = {Magdalena Faszczewska and Komal Rafay},
title = {Attenuation Calculator},
year = {2024},
url = {https://www.omnicalculator.com/physics/attenuation}
}